<record><leader>00000cas a22000007a 4500</leader><controlfield tag="001">13001392</controlfield><controlfield tag="008">860110d19081966wiuwr ne      0    0eng d</controlfield><datafield ind1=" " ind2=" " tag="010"><subfield code="a">sn 86086024 </subfield></datafield><datafield ind1=" " ind2=" " tag="040"><subfield code="a">NPV</subfield><subfield code="b">eng</subfield><subfield code="c">NPV</subfield><subfield code="d">OCLCQ</subfield></datafield><datafield ind1=" " ind2=" " tag="042"><subfield code="a">msc</subfield></datafield><datafield ind1=" " ind2=" " tag="045"><subfield code="a">x0x6</subfield></datafield><datafield ind1=" " ind2=" " tag="052"><subfield code="a">4123</subfield><subfield code="b">P4</subfield></datafield><datafield ind1="0" ind2="4" tag="245"><subfield code="a">The Pepin herald.</subfield></datafield><datafield ind1=" " ind2=" " tag="260"><subfield code="a">Pepin, Pepin County, Wis. :</subfield><subfield code="b">L.A. Axtell,</subfield><subfield code="c">1908-1966.</subfield></datafield><datafield ind1=" " ind2=" " tag="300"><subfield code="a">59 v. :</subfield><subfield code="b">ill.</subfield></datafield><datafield ind1=" " ind2=" " tag="310"><subfield code="a">Weekly</subfield></datafield><datafield ind1="0" ind2=" " tag="362"><subfield code="a">Vol. 1, no. 1 (Feb. 13, 1908)-v. 59, no. 6 (May 19, 1966).</subfield></datafield><datafield ind1=" " ind2=" " tag="500"><subfield code="a">Publisher varies.</subfield></datafield><datafield ind1=" " ind2=" " tag="500"><subfield code="a">Last issue a notice of publisher's death.</subfield></datafield><datafield ind1=" " ind2=" " tag="500"><subfield code="a">Editors: L.A. Extell, Feb. 13, 1908-Oct. 3, 1929; L.C. Ricker, Oct. 10-&lt;Dec. 29, 1929&gt;; G.A. Rogers, &lt;Jan. 1&gt;-Aug. 6, 1931; J.M. Axtell, Aug. 13, 1931-Oct. 10, 1935; R.E. Portmann, Oct. 17, 1935-Aug. 29, 1946; H.I. Klinger, Sept. 5, 1946-April 23, 1953.</subfield></datafield><datafield ind1=" " ind2=" " tag="525"><subfield code="a">Supplements accompany some issues.</subfield></datafield><datafield ind1=" " ind2=" " tag="530"><subfield code="a">Available on microfilm from The State Historical Society of Wisconsin.</subfield></datafield><datafield ind1=" " ind2=" " tag="752"><subfield code="a">United States</subfield><subfield code="b">Wisconsin</subfield><subfield code="c">Pepin</subfield><subfield code="d">Pepin.</subfield></datafield><datafield ind1="1" ind2=" " tag="029"><subfield code="a">AU@</subfield><subfield code="b">000025822301</subfield></datafield></record>